@book{1,
  author       = {Beiser, A},
  editor       = {McGraw-Hill Higher Education},
  publisher    = {Kent A. Peterson},
  title        = {Concepts of modern physics.},
  year         = {2003},
  edition      = {6},
  isbn         = {0072448482} 
}

@book{2,
  author       = {Charles Kittel},
  editor       = {Editorial Reverté, S. A.},
  title        = {Introduccion a la física del estado sólido},
  year         = {2003},
  edition      = {3},
  pages        = {65-96},
  chapter      = {3},
  isbn         = {8429143173} 
}

@article{3,
  author  = {Gillespie, Ronald J. },
  year    = {2006},
  title   = {El enlace químico y la geometría molecular},
  journal = {Educación química},
  number  = {4},
  volume  = {17},
  pages   = {264-273}
}

@article{4,
  author    = {Simoza, L.},
  year      = {2015},
  title     = {Teoria del enlace quimico},
  journal   = { Colegio la salle},
  pages     = {1-81}
}

@article{5,
  author    = {Puppo, M. C., Cerruti, C. F., and Quiroga, A. V. },
  year      = {2017},
  title     = {Enlace químico},
  journal   = { }
}

@article{6,
  author  = {Cárdenas Castaño, J., and Narváez Zamora, L. J. },
  year    = {2018},
  title   = {El enlace covalente},
  journal = {Entornos},
  number  = {1},
  volume  = {31},
  pages   = {221-228}
}

@article{7,
  author    = {Gutierrez Chanco, C. P.},
  title     = {Enlace químico},
  year      = {2019}
}