@book{1,
  author       = {Beiser, A},
  editor       = {McGraw-Hill Higher Education},
  publisher    = {Kent A. Peterson},
  title        = {Concepts of modern physics.},
  year         = {2003},
  edition      = {6},
  isbn         = {0072448482} 
}

@article{2,
  author  = {Bernal, J. P. and Railsback, L. B.},
  year    = {2008},
  title   = {Introducción a la Tabla Periódica de los Elementos y sus Iones para Ciencias de la Tierra},
  journal = {Revista Mexicana de Ciencias Geológicas},
  number  = {2},
  volume  = {25},
  pages   = {236-246}
}

@article{3,
  author    = {Fernández, E. J. and Fernández, J.},
  year      = {2012},
  title     = {El icono de los químicos: la tabla periódica de los elementos},
  journal   = {Anales de Química de la RSEQ},
  number    = {4},
  volume    = {108},
  pages     = {314-314}
}

@article{4,
  author    = {Rivera, J. M. T.},
  year      = {2020},
  title     = {Historia de la tabla periódica de los elementos químicos.},
  journal   = {In Anales de la Real Academia de Doctores},
  number    = {2},
  volume    = {5},
  pages     = {241-259},
  editor    = {Real Academia de Doctores de España}
}

@misc{5,
  author = {finis.cl},
  title = {PROPIEDADES PERIÓDICAS DE LOS ELEMENTOS},
  url = {https://finis.cl/images/futuros_alumnos/profesores_orientadores/material-pedagogico/Guia_2_Sistema_periodico_de_los_elementos_y_enlace_quimico.pdf},
  note = {Consultado el 28 de Abril de 2025}
}

@article{6,
  author    = {Contreras, R. R.},
  journal   = {Avances en Química},
  number    = {1},
  title     = {Tabla periódica de los elementos químicos: ciento cincuenta años de historia.},
  volume    = {14},
  year      = {41-60}
}

@book{7,
  author    = {Scerri, E. R.},
  editor    = {Alianza Editorial, S. A.},
  title     = {La tabla periódica Una breve introducción},
  year      = {2025},
  edition   = {2},
  isbn      = {978-84-1148-844-0}
}